% This file was created with JabRef 2.8.
% Encoding: MacRoman

@ELECTRONIC{Harper2013,
  author = {Robert Harper},
  month = {July},
  year = {2013},
  title = {Constructive Mathematics Is Not Metamathematics},
  howpublished = {\url{http://existentialtype.wordpress.com/2013/07/10/constructive-mathematics-is-not-meta-mathematics/}},
  owner = {stephaniebalzer},
  timestamp = {2013.09.13}
}

@ELECTRONIC{Harper2013a,
  author = {Robert Harper},
  month = {June},
  year = {2013},
  title = {What’s the big deal with {HoTT}?},
  howpublished = {\url{http://existentialtype.wordpress.com/2013/06/22/whats-the-big-deal-with-hott/}},
  owner = {stephaniebalzer},
  timestamp = {2013.09.13}
}

@ELECTRONIC{Harper2012,
  author = {Robert Harper},
  month = {August},
  year = {2012},
  title = {Extensionality, Intensionality, and Brouwer’s Dictum},
  howpublished = {\url{http://existentialtype.wordpress.com/2012/08/11/extensionality-intensionality-and-brouwers-dictum/}},
  owner = {stephaniebalzer},
  timestamp = {2013.09.13}
}

@comment{jabref-meta: selector_review:}

@comment{jabref-meta: selector_publisher:}

@comment{jabref-meta: selector_author:}

@comment{jabref-meta: selector_journal:}

@comment{jabref-meta: selector_keywords:}

